<record><leader>00000cas a2200000 a 4500</leader><controlfield tag="001">18799738</controlfield><controlfield tag="008">881123d1892189uwauwr ne      0    0eng d</controlfield><datafield ind1=" " ind2=" " tag="010"><subfield code="a">sn 88087207 </subfield></datafield><datafield ind1=" " ind2=" " tag="040"><subfield code="a">SLZ</subfield><subfield code="b">eng</subfield><subfield code="c">SLZ</subfield><subfield code="d">OCL</subfield><subfield code="d">OCLCQ</subfield></datafield><datafield ind1=" " ind2=" " tag="042"><subfield code="a">msc</subfield></datafield><datafield ind1=" " ind2=" " tag="043"><subfield code="a">n-us-wa</subfield></datafield><datafield ind1="0" ind2=" " tag="130"><subfield code="a">LIttle Falls gazette (Little Falls, Wash.)</subfield></datafield><datafield ind1="1" ind2="0" tag="245"><subfield code="a">Little Falls gazette.</subfield></datafield><datafield ind1=" " ind2=" " tag="260"><subfield code="a">Little Falls, Wash. :</subfield><subfield code="b">A.C. Harsell</subfield></datafield><datafield ind1=" " ind2=" " tag="300"><subfield code="a">v.</subfield></datafield><datafield ind1=" " ind2=" " tag="310"><subfield code="a">Weekly (Friday)</subfield></datafield><datafield ind1="1" ind2=" " tag="362"><subfield code="a">Began in 1892.</subfield></datafield><datafield ind1=" " ind2=" " tag="588"><subfield code="a">Description based on: Vol. 1, no. 3 (Apr. 1, 1892).</subfield></datafield><datafield ind1=" " ind2="0" tag="651"><subfield code="a">Little Falls (Wash.)</subfield><subfield code="v">Newspapers.</subfield></datafield><datafield ind1=" " ind2=" " tag="752"><subfield code="a">United States</subfield><subfield code="b">Washington</subfield><subfield code="c">Lewis</subfield><subfield code="d">Little Falls.</subfield></datafield></record>